%% This BibTeX bibliography file was created using BibDesk.
%% http://bibdesk.sourceforge.net/


%% Created for Miroslav Rezac at 2013-06-23 22:07:24 +0200 


%% Saved with string encoding Unicode (UTF-8) 



@article{wang11,
	Author = {Y.V. Wang and M. Weick and J.B. Demb},
	Date-Added = {2013-06-23 20:06:16 +0000},
	Date-Modified = {2013-06-23 20:07:23 +0000},
	Journal = {J Neurosci},
	Month = {May},
	Number = {21},
	Pages = {7670-81},
	Title = {Spectral and temporal sensitivity of cone-mediated responses in mouse retinal ganglion cells},
	Volume = {31},
	Year = {2011}}

@article{kastner11,
	Author = {D.B. Kastner and S.A. Baccus},
	Date-Added = {2013-06-18 12:38:18 +0000},
	Date-Modified = {2013-06-18 12:39:13 +0000},
	Journal = {Nat Neurosci},
	Month = {September},
	Number = {10},
	Pages = {1317-22},
	Title = {Coordinated dynamic encoding in the retina using opposing forms of plasticity},
	Volume = {14},
	Year = {2011}}

@article{smirnakis97,
	Author = {S.M. Smirnakis and M.J. Berry and D.K. Warland and W. Bialek and M. Meister},
	Date-Added = {2013-06-18 12:36:10 +0000},
	Date-Modified = {2013-06-18 12:37:19 +0000},
	Journal = {Nature},
	Month = {March},
	Number = {6620},
	Pages = {69-73},
	Title = {Adaptation of retinal processing to image contrast and spatial scale},
	Volume = {386},
	Year = {1997}}

@article{laughlin89,
	Author = {S.B. Laughlin},
	Date-Added = {2013-06-18 12:34:50 +0000},
	Date-Modified = {2013-06-18 12:35:45 +0000},
	Journal = {J Exp Biol},
	Month = {September},
	Pages = {39-62},
	Title = {The role of sensory adaptation in the retina},
	Volume = {146},
	Year = {1989}}

@article{barlow63,
	Author = {H.B. Barlow and R.M. Hill},
	Date-Added = {2013-06-18 09:01:18 +0000},
	Date-Modified = {2013-06-18 09:01:18 +0000},
	Journal = {Science},
	Month = {February},
	Number = {3553},
	Pages = {412-4},
	Title = {Selective sensitivity to direction of movement in ganglion cells of the rabbit retina},
	Volume = {139},
	Year = {1963}}

@article{vaney12,
	Author = {D.I. Vaney and B. Sivyer and W.R. Taylor},
	Date-Added = {2013-06-18 09:01:18 +0000},
	Date-Modified = {2013-06-18 09:01:18 +0000},
	Journal = {Nat Rev Neurosci},
	Month = {February},
	Number = {3},
	Pages = {194-208},
	Title = {Direction selectivity in the retina: symmetry and asymmetry in structure and function},
	Volume = {13},
	Year = {2012}}

@article{levick67,
	Author = {W. R. Levick},
	Date-Added = {2013-06-15 23:33:40 +0000},
	Date-Modified = {2013-06-15 23:35:16 +0000},
	Journal = {J Physiol},
	Month = {February},
	Number = {3},
	Pages = {285-307},
	Title = {Receptive fields and trigger features of ganglion cells in the visual streak of the rabbits retina},
	Volume = {188},
	Year = {1967}}

@article{peichl81,
	Author = {L. Peichl and H. W{\"a}ssle},
	Date-Added = {2013-06-14 20:53:07 +0000},
	Date-Modified = {2013-06-14 20:55:01 +0000},
	Journal = {Proc R Soc Lond B Biol Sci},
	Month = {May},
	Number = {1187},
	Pages = {139-53},
	Title = {Morphological identification of on- and off-centre brisk transient (Y) cells in the cat retina},
	Volume = {212},
	Year = {1981}}

@article{boycott74,
	Author = {B.B. Boycott and H. W{\"a}ssle},
	Date-Added = {2013-06-14 20:46:50 +0000},
	Date-Modified = {2013-06-14 20:47:57 +0000},
	Journal = {J Physiol},
	Month = {July},
	Number = {2},
	Pages = {397-419},
	Title = {The morphological types of ganglion cells of the domestic cat's retina},
	Volume = {240},
	Year = {1974}}

@article{weng05,
	Author = {S. Weng and S. He},
	Date-Added = {2013-06-14 15:04:20 +0000},
	Date-Modified = {2013-06-14 15:05:35 +0000},
	Journal = {J Physiol},
	Month = {February},
	Number = {3},
	Pages = {915-23},
	Title = {Identification of ON--OFF direction-selective ganglion cells in the mouse retina},
	Volume = {562},
	Year = {2005}}

@article{pang03,
	Author = {J. J. Pang and F. Gao and S.M. Wu},
	Date-Added = {2013-06-14 15:02:56 +0000},
	Date-Modified = {2013-06-14 15:03:51 +0000},
	Journal = {J Neurosci},
	Month = {July},
	Number = {23},
	Pages = {6063-73},
	Title = {Light-evoked excitatory and inhibitory synaptic inputs to ON and OFF alpha ganglion cells in the mouse retina},
	Volume = {9},
	Year = {2003}}

@article{masland01,
	Author = {R.H. Masland},
	Date-Added = {2013-06-09 12:04:20 +0000},
	Date-Modified = {2013-06-09 12:05:28 +0000},
	Journal = {Nat Neurosci},
	Month = {September},
	Number = {9},
	Pages = {877-86},
	Title = {The fundamental plan of the retina},
	Volume = {4},
	Year = {2001}}

@article{zariwala12,
	Author = {H.A. Zariwala and B.G. Borghuis and T.M. Hoogland and L. Madisen and L. Tian and C.L. de Zeeuw and H. Zeng and L.L. Looger and K. Svoboda and T.W. Chen},
	Date-Added = {2013-06-02 20:55:08 +0000},
	Date-Modified = {2013-06-02 20:59:15 +0000},
	Journal = {J Neurosci},
	Month = {February},
	Number = {9},
	Pages = {3131-41},
	Title = {A Cre-dependent GCaMP3 reporter mouse for neuronal imaging in vivo},
	Volume = {32},
	Year = {2012}}

@article{garaschuk13,
	Author = {O. Garaschuk},
	Date-Added = {2013-06-02 20:33:57 +0000},
	Date-Modified = {2013-06-02 20:35:56 +0000},
	Journal = {Exp Neurol},
	Month = {April},
	Pages = {41-9},
	Title = {Imaging microcircuit function in healthy and diseased brain},
	Volume = {242},
	Year = {2013}}

@article{stosiek03,
	Author = {C. Stosiek and O. Garaschuk and K. Holthoff and A. Konnerth},
	Date-Added = {2013-06-02 20:31:48 +0000},
	Date-Modified = {2013-06-02 20:33:18 +0000},
	Journal = {Proc Natl Acad Sci U S A.},
	Month = {June},
	Number = {12},
	Pages = {7319-24},
	Title = {In vivo two-photon calcium imaging of neuronal networks},
	Volume = {100},
	Year = {2003}}

@article{fiscella12,
	Author = {M. Fiscella and K. Farrow and I.L. Jones and D. J{\"a}ckel and J. M{\"u}ller and U. Frey and D.J. Bakkum and P. Hantz and B. Roska and A. Hierlemann},
	Date-Added = {2013-06-02 16:58:44 +0000},
	Date-Modified = {2013-06-02 17:00:24 +0000},
	Journal = {J Neurosci Methods},
	Month = {October},
	Number = {1},
	Pages = {103-13},
	Title = {Recording from defined populations of retinal ganglion cells using a high-density CMOS-integrated microelectrode array with real-time switchable electrode selection},
	Volume = {211},
	Year = {2012}}

@article{field10,
	Author = {G.D. Field and J.L. Gauthier and A. Sher and M. Greschner and T.A. Machado and L.H. Jepson and J. Shlens and D.E. Gunning and K. Mathieson and W. Dabrowski and L. Paninski and A.M. Litke and E.J. Chichilnisky},
	Date-Added = {2013-06-02 16:55:17 +0000},
	Date-Modified = {2013-06-02 16:57:41 +0000},
	Journal = {Nature},
	Month = {October},
	Number = {7316},
	Pages = {673-7},
	Title = {Functional connectivity in the retina at the resolution of photoreceptors},
	Volume = {467},
	Year = {2010}}

@article{sekirnjak08,
	Author = {C. Sekirnjak and P. Hottowy and A. Sher and W. Dabrowski and A.M. Litke and E.J. Chichilnisky},
	Date-Added = {2013-06-02 16:53:15 +0000},
	Date-Modified = {2013-06-02 16:54:26 +0000},
	Journal = {J Neurosci},
	Month = {April},
	Number = {17},
	Pages = {446-56},
	Title = {High-resolution electrical stimulation of primate retina for epiretinal implant design},
	Volume = {28},
	Year = {2008}}

@article{elstrott08,
	Author = {J. Elstrott and A. Anishchenko and M. Greschner and A. Sher and A.M. Litke and E.J. Chichilnisky and M.B. Feller},
	Date-Added = {2013-06-02 16:50:14 +0000},
	Date-Modified = {2013-06-02 16:51:46 +0000},
	Journal = {Neuron},
	Month = {May},
	Number = {4},
	Pages = {499-506},
	Title = {Direction selectivity in the retina is established independent of visual experience and cholinergic retinal waves},
	Volume = {58},
	Year = {2008}}

@article{farrow11,
	Author = {K. Farrow and R.H. Masland},
	Date-Added = {2013-06-02 16:47:50 +0000},
	Date-Modified = {2013-06-02 16:48:47 +0000},
	Journal = {J Neurophysiol},
	Month = {April},
	Number = {4},
	Pages = {1516-30},
	Title = {Physiological clustering of visual channels in the mouse retina},
	Volume = {105},
	Year = {2011}}

@article{devries97,
	Author = {S.H. Devries and D.A. Baylor},
	Date-Added = {2013-06-02 15:30:27 +0000},
	Date-Modified = {2013-06-02 15:32:44 +0000},
	Journal = {J Neurophysiol},
	Month = {October},
	Number = {4},
	Pages = {2048-60},
	Title = {Mosaic arrangement of ganglion cell receptive fields in rabbit retina},
	Volume = {78},
	Year = {1997}}

@article{enroth66,
	Author = {Ch. Enroth-Cugell and J.G. Robson},
	Date-Added = {2013-06-02 15:10:02 +0000},
	Date-Modified = {2013-06-02 15:12:30 +0000},
	Journal = {J Physiol},
	Month = {December},
	Number = {3},
	Pages = {517-52},
	Title = {The contrast sensitivity of retinal ganglion cells of the cat},
	Volume = {187},
	Year = {1966}}

@article{barlow64,
	Author = {H.B. Barlow and R.M. Hill and W.R. Levick},
	Date-Added = {2013-06-02 14:37:38 +0000},
	Date-Modified = {2013-06-02 14:40:10 +0000},
	Journal = {J Physiol},
	Month = {October},
	Pages = {377-407},
	Title = {Retinal ganglion cells responding selectively to direction and speed of image motion in the rabbit},
	Volume = {173},
	Year = {1964}}

@article{huxlin97,
	Author = {K.R. Huxlin and A.K. Goodchild},
	Date-Added = {2013-06-02 11:45:51 +0000},
	Date-Modified = {2013-06-02 11:48:06 +0000},
	Journal = {J Comp Neurol.},
	Month = {August},
	Number = {2},
	Pages = {309-23},
	Title = {Retinal ganglion cells in the albino rat: revised morphological classification},
	Volume = {385},
	Year = {1997}}

@article{brien02,
	Author = {B.J. O'Brien and T. Isayama and R. Richardson and D.M. Berson},
	Date-Added = {2013-06-02 11:43:45 +0000},
	Date-Modified = {2013-06-02 11:44:58 +0000},
	Journal = {J Physiol},
	Month = {February},
	Number = {3},
	Pages = {787-802},
	Title = {Intrinsic physiological properties of cat retinal ganglion cells},
	Volume = {538},
	Year = {2002}}

@article{yamada96,
	Author = {E.S. Yamada and L.C. Silveira and F.L. Gomes and B.B. Lee},
	Date-Added = {2013-06-02 11:39:33 +0000},
	Date-Modified = {2013-06-02 11:40:44 +0000},
	Journal = {Rev Bras Biol},
	Month = {December},
	Number = {1},
	Pages = {381-96},
	Title = {The retinal ganglion cell classes of New World primates},
	Volume = {56},
	Year = {1996}}

@article{dacey94,
	Author = {D.M. Dacey},
	Date-Added = {2013-06-02 11:38:10 +0000},
	Date-Modified = {2013-06-02 11:39:32 +0000},
	Journal = {Ciba Found Symp},
	Pages = {63-70},
	Title = {hysiology, morphology and spatial densities of identified ganglion cell types in primate retina},
	Volume = {184},
	Year = {1994}}

@article{pu90,
	Author = {M.L. Pu and F.R. Amthor},
	Date-Added = {2013-06-02 11:08:05 +0000},
	Date-Modified = {2013-06-02 11:24:52 +0000},
	Journal = {J Comp Neurol.},
	Month = {December},
	Number = {3},
	Pages = {675-93},
	Title = {Dendritic morphologies of retinal ganglion cells projecting to the lateral geniculate nucleus in the rabbit},
	Volume = {302},
	Year = {1990}}

@article{buhl86,
	Author = {E.H. Buhl and L. Peichl},
	Date-Added = {2013-06-02 11:05:14 +0000},
	Date-Modified = {2013-06-02 11:06:01 +0000},
	Journal = {J Comp Neurol.},
	Month = {November},
	Number = {2},
	Pages = {163-74},
	Title = {Morphology of rabbit retinal ganglion cells projecting to the medial terminal nucleus of the accessory optic system},
	Volume = {253},
	Year = {1986}}

@book{stone83,
	Author = {J. Stone},
	Date-Added = {2013-06-02 11:01:51 +0000},
	Date-Modified = {2013-06-02 11:03:42 +0000},
	Edition = {1.Edition},
	Month = {October},
	Number = {978-0306412202},
	Publisher = {Springer},
	Title = {Parallel Processing in the Visual System. The Classification of Retinal Ganglion Cells and its Impact on the Neurobiology of Vision},
	Year = {1983}}

@article{majumdar09,
	Author = {S. Majumdar and J. Weiss and H. W{\"a}ssle},
	Date-Added = {2013-06-02 10:47:39 +0000},
	Date-Modified = {2013-06-02 10:48:55 +0000},
	Journal = {J Physiol},
	Month = {August},
	Number = {15},
	Pages = {3831-49},
	Title = {Glycinergic input of widefield, displaced amacrine cells of the mouse retina},
	Volume = {587},
	Year = {2009}}

@article{badea04,
	Author = {T.C. Badea and J. Nathans},
	Date-Added = {2013-06-02 10:43:31 +0000},
	Date-Modified = {2013-06-02 10:44:52 +0000},
	Journal = {J Comp Neurol.},
	Month = {December},
	Number = {4},
	Pages = {331-51},
	Title = {Quantitative analysis of neuronal Morphologies in the mouse retina visualized by using a genetically directed reporter},
	Volume = {480},
	Year = {2009}}

@article{voelgyi09,
	Author = {B. V{\"o}lgyi and S. Chheda and S.A. Bloomfield},
	Date-Added = {2013-06-02 10:40:59 +0000},
	Date-Modified = {2013-06-02 10:43:00 +0000},
	Journal = {J Comp Neurol.},
	Month = {February},
	Number = {5},
	Pages = {664-87},
	Title = {Tracer Coupling Patterns of the Ganglion Cell Subtypes in the Mouse Retina},
	Volume = {512},
	Year = {2009}}

@article{sun02,
	Author = {W. Sun and N. Li and S. He},
	Date-Added = {2013-06-02 10:39:24 +0000},
	Date-Modified = {2013-06-02 10:40:43 +0000},
	Journal = {J Comp Neurol.},
	Month = {September},
	Number = {2},
	Pages = {115-26},
	Title = {Large-Scale Morphological Survey of Mouse Retinal Ganglion Cells},
	Volume = {451},
	Year = {2002}}

@article{kong05,
	Author = {J.H. Kong and D.R. Fish and R.L. Rockhill and R.H. Masland},
	Date-Added = {2013-06-02 10:37:48 +0000},
	Date-Modified = {2013-06-02 10:38:58 +0000},
	Journal = {J Comp Neurol.},
	Month = {August},
	Number = {3},
	Pages = {293-310},
	Title = {Diversity of Ganglion Cells in the Mouse Retina: Unsupervised Morphological Classification and Its Limits},
	Volume = {489},
	Year = {2005}}

@article{coombs06,
	Author = {J. Coombs and D. van der List and G.Y. Wang and L.M. Chalupa},
	Date-Added = {2013-06-02 10:36:30 +0000},
	Date-Modified = {2013-06-02 10:37:47 +0000},
	Journal = {Neuroscience},
	Month = {June},
	Number = {1},
	Pages = {123-36},
	Title = {Morphological properties of mouse retinal ganglion cells},
	Volume = {140},
	Year = {2006}}

@inbook{berson08,
	Author = {D.M. Berson},
	Chapter = {Retinal ganglion cell types and their central projections},
	Date-Added = {2013-06-02 10:00:27 +0000},
	Date-Modified = {2013-06-02 10:06:35 +0000},
	Editor = {M.C. Bushnell and D.V. Smith and G.K Beauchamp and S.J. Firestein and P. Dallos and D. Oertel and R.H. Masland and T. Albright and J.H. Kaas and E.P. Gardner and A.I. Basbaum},
	Number = {978-0126394825},
	Pages = {491--520},
	Publisher = {Academic Press},
	Title = {The Senses: a Comprehensive Reference},
	Year = {2008}}

@article{vaney80,
	Author = {D.I. Vaney},
	Date-Added = {2013-06-02 08:43:21 +0000},
	Date-Modified = {2013-06-02 08:44:05 +0000},
	Journal = {J Comp Neurol.},
	Month = {January},
	Number = {2},
	Pages = {215-33},
	Title = {A quantitative comparison between the ganglion cell populations and axonal outflows of the visual streak and periphery of the rabbit retina},
	Volume = {189},
	Year = {1980}}

@article{rockhill02,
	Author = {R.L. Rockhill and M.A. MacNeil and S.P. Brown and R.H. Masland},
	Date-Added = {2013-06-02 08:37:01 +0000},
	Date-Modified = {2013-06-02 08:38:22 +0000},
	Journal = {J Neurosci},
	Month = {May},
	Number = {9},
	Pages = {3831-43},
	Title = {The diversity of ganglion cells in a mammalian retina},
	Volume = {22},
	Year = {2002}}

@article{oelveczky03,
	Author = {B.P. Oelveczky and S.A. Baccus and M. Meister},
	Date-Added = {2013-06-01 19:23:08 +0000},
	Date-Modified = {2013-06-01 19:24:45 +0000},
	Journal = {Nature},
	Month = {May},
	Number = {6938},
	Pages = {401-8},
	Title = {Segregation of object and background motion in the retina},
	Volume = {423},
	Year = {2003}}

@article{cook94,
	Author = {P.B. Cook and F. Werblin},
	Date-Added = {2013-05-31 14:12:55 +0000},
	Date-Modified = {2013-05-31 14:13:46 +0000},
	Journal = {J Neurosci},
	Month = {June},
	Number = {6},
	Pages = {3852-61},
	Title = {Spike initiation and propagation in wide field transient amacrine cells of the salamander retina},
	Volume = {14},
	Year = {1994}}

@article{heflin07,
	Author = {S.J. Heflin and P.B. Cook},
	Date-Added = {2013-05-31 14:05:28 +0000},
	Date-Modified = {2013-05-31 14:06:24 +0000},
	Journal = {Visual Neuroscience},
	Month = {March-April},
	Number = {2},
	Pages = {197-206},
	Title = {Narrow and wide field amacrine cells fire action potentials in response to depolarization and light stimulation},
	Volume = {24},
	Year = {2007}}

@article{roska01,
	Author = {B. Roska and F. Werblin},
	Date-Added = {2013-05-31 12:40:16 +0000},
	Date-Modified = {2013-05-31 12:41:02 +0000},
	Journal = {Nature},
	Month = {March},
	Number = {6828},
	Pages = {583-7},
	Title = {Vertical interactions across ten parallel, stacked representations in the mammalian retina},
	Volume = {410},
	Year = {2001}}

@article{lin06,
	Author = {B. Lin and R.H. Masland},
	Date-Added = {2013-05-30 16:38:12 +0000},
	Date-Modified = {2013-05-30 16:41:46 +0000},
	Journal = {J Comp Neurol.},
	Month = {December},
	Number = {5},
	Pages = {797-809},
	Title = {Populations of wide-field amacrine cells in the mouse retina},
	Volume = {499},
	Year = {2006}}

@article{sevilla07,
	Author = {P. de Sevilla M{\"u}ller and J. Shelley and R. Weiler},
	Date-Added = {2013-05-30 16:35:59 +0000},
	Date-Modified = {2013-05-30 16:37:29 +0000},
	Journal = {J Comp Neurol.},
	Month = {November},
	Number = {2},
	Pages = {177-89},
	Title = {Displaced amacrine cells of the mouse retina},
	Volume = {505},
	Year = {2007}}

@article{macneil98,
	Author = {M.A. MacNeil and R.H. Masland},
	Date-Added = {2013-05-30 16:30:39 +0000},
	Date-Modified = {2013-05-30 16:31:43 +0000},
	Journal = {Neuron},
	Month = {May},
	Number = {5},
	Pages = {971-82},
	Title = {Extreme diversity among amacrine cells: implications for function},
	Volume = {20},
	Year = {1998}}

@article{strettoi96,
	Author = {E. Strettoi and R.H. Masland},
	Date-Added = {2013-05-30 16:28:21 +0000},
	Date-Modified = {2013-05-30 16:30:07 +0000},
	Journal = {Proc Natl Acad Sci U S A.},
	Month = {December},
	Number = {25},
	Pages = {14906-11},
	Title = {The number of unidentified amacrine cells in the mammalian retina},
	Volume = {93},
	Year = {1996}}

@book{schaffel06,
	Author = {A. Hornberg and F. Sch{\"a}ffel},
	Date-Added = {2013-05-30 14:36:55 +0000},
	Date-Modified = {2013-06-09 21:28:00 +0000},
	Edition = {1.Edition},
	Month = {July},
	Number = {ISBN-13: 978-3527405848},
	Publisher = {Wiley-VCH Verlag GmbH \& Co. KGaA},
	Title = {Handbook of machine vision (Chapter 1)},
	Year = {2006}}

@article{gollisch09,
	Author = {T. Gollisch and M. Meister},
	Date-Added = {2013-05-30 14:30:18 +0000},
	Date-Modified = {2013-05-30 14:31:58 +0000},
	Journal = {Neuron},
	Month = {January},
	Number = {2},
	Pages = {150-64},
	Title = {Eye smarter than scientists believed: neural computations in circuits of the retina.},
	Volume = {65},
	Year = {2009}}

@article{masland12,
	Author = {R.H. Masland},
	Date-Added = {2013-05-30 14:25:46 +0000},
	Date-Modified = {2013-05-30 14:26:38 +0000},
	Journal = {Neuron},
	Month = {October},
	Number = {2},
	Pages = {266-80},
	Title = {The neuronal organisation of the retina},
	Volume = {76},
	Year = {2012}}

@article{wassle04,
	Author = {H. W{\"a}ssle},
	Date-Added = {2013-05-30 14:23:08 +0000},
	Date-Modified = {2013-05-30 14:24:05 +0000},
	Journal = {Nat Rev Neurosci},
	Month = {October},
	Number = {10},
	Pages = {747-57},
	Title = {Parallel processing in the mammalian retina},
	Volume = {5},
	Year = {2004}}

@article{baden13,
	Author = {T. Baden and P. Berens and M. Bethge and T.Euler},
	Date-Added = {2013-05-30 14:19:14 +0000},
	Date-Modified = {2013-05-30 14:20:19 +0000},
	Journal = {Curr Biol.},
	Month = {January},
	Number = {1},
	Pages = {48-52},
	Title = {Spikes in mammalian bipolar cells support temporal layering of the inner retina},
	Volume = {23},
	Year = {2013}}

@article{chander01,
	Author = {D. Chander and E.J. Chichilnisky},
	Date-Added = {2013-05-26 20:07:40 +0000},
	Date-Modified = {2013-05-26 20:09:10 +0000},
	Journal = {J Neurosci},
	Month = {December},
	Number = {24},
	Pages = {9904-16},
	Title = {Adaptation to temporal contrast in primate and salamander retina},
	Volume = {21},
	Year = {2001}}

@article{chichilnisky01,
	Author = {E.J. Chichilnisky},
	Date-Added = {2013-05-21 09:43:52 +0000},
	Date-Modified = {2013-05-21 09:45:41 +0000},
	Journal = {Network: Comput. Neural Syst.},
	Month = {May},
	Number = {2},
	Pages = {199-213},
	Title = {A simple white noise analysis of neuronal light responses},
	Volume = {12},
	Year = {2001}}

@article{rivlinetzion11,
	Author = {M. Rivlin-Etzion and K. Zhou and W. Wei and J. Elstrott and P.L. Nguyen and B.A. Barres and A.D. Huberman and M.B. Feller},
	Date-Added = {2013-05-21 09:35:05 +0000},
	Date-Modified = {2013-05-21 09:36:47 +0000},
	Journal = {J Neurosci},
	Month = {June},
	Number = {24},
	Pages = {8760-9},
	Title = {Transgenic mice reveal unexpected diversity of on-off direction-selective retinal ganglion cell subtypes and brain structures involved in motion processing},
	Volume = {31},
	Year = {2011}}

@article{auferkorte12,
	Author = {O. Auferkorte and T. Baden and S. Kaushalya and N. Zabouri and Y. Rudolph and S. Haverkamp and T. Euler},
	Date-Added = {2013-05-21 09:31:37 +0000},
	Date-Modified = {2013-05-21 09:35:03 +0000},
	Journal = {PLoS ONE},
	Month = {April},
	Number = {4},
	Pages = {1-12},
	Title = {GABA$_{\text{A}}$ receptors containing the \text{$\alpha$}$_{\text{2}}$ subunit are critical for direction-selective inhibition in the retina},
	Volume = {7},
	Year = {2012}}

@article{euler09,
	Author = {T. Euler and S.E. Hausselt and D.J. Margolis and T. Breuninger and X. Castell and P.B. Detwiler and W.Denk},
	Date-Added = {2013-05-21 09:27:35 +0000},
	Date-Modified = {2013-05-30 14:28:46 +0000},
	Journal = {Pflugers Arch},
	Month = {April},
	Number = {6},
	Pages = {1393-414},
	Title = {Eyecup scope-optical recordings of light stimulus-evoked fluorescence signals in the retina},
	Volume = {457},
	Year = {2009}}

@article{briggman11,
	Author = {K.L. Briggman and T. Euler},
	Date-Added = {2013-05-20 22:41:46 +0000},
	Date-Modified = {2013-05-21 09:25:35 +0000},
	Journal = {J Neurophysiol},
	Month = {May},
	Number = {5},
	Pages = {2601-9},
	Title = {Bulk electroporation and population calcium imaging in the adult mammalian retina},
	Volume = {105},
	Year = {2011}}

@article{dorostkar10,
	Author = {M. Dorostkar and E. Dreosti and B. Odermatt and L. Lagnado},
	Date-Added = {2013-05-19 22:23:45 +0000},
	Date-Modified = {2013-05-19 22:26:26 +0000},
	Journal = {J Neurosci Methods},
	Month = {April},
	Number = {1},
	Pages = {141-50},
	Title = {Computational processing of optical measurements of neuronal and synaptic activity in networks},
	Volume = {188},
	Year = {2010}}

@article{longair11,
	Author = {M.H. Longair and D.A. Baker and J.D. Armstrong},
	Date-Added = {2013-05-19 15:55:02 +0000},
	Date-Modified = {2013-05-19 16:01:40 +0000},
	Journal = {Bioinformatics},
	Month = {September},
	Number = {17},
	Pages = {2453-4},
	Title = {Simple Neurite Tracer: Open Source software for reconstruction, visualization and analysis of neuronal processes},
	Volume = {27},
	Year = {2011}}

@article{clendenon02,
	Author = {J.L. Clendenon and C.L. Phillips and R.M. Sandoval and S. Fang and K.W. Dunn},
	Date-Added = {2013-05-19 15:52:48 +0000},
	Date-Modified = {2013-05-19 15:59:59 +0000},
	Journal = {American Journal of Physiology - Cell Physiology},
	Month = {January},
	Number = {1},
	Pages = {213-18},
	Title = {Voxx: a PC-based, near real-time volume rendering system for biological microscopy},
	Volume = {282},
	Year = {2002}}

@article{cardona12,
	Author = {J. Schindelin and I. Arganda-Cerreras and E. Frise and V. Kaynig and M.H. Longair and T. Pietzsch and S. Preibisch and C. Rueden and S. Saalfeld and B. Schmid and J.Y. Tinevez and S.J. White and V. Hartenstein and K. Eliceiri and P. Tomancak and A. Cardona},
	Date-Added = {2013-05-19 15:32:17 +0000},
	Date-Modified = {2013-05-19 15:59:05 +0000},
	Journal = {Nature Methods},
	Month = {Juli},
	Number = {7},
	Pages = {676-82},
	Title = {Fiji: An open-source platform for bilogical-image analysis},
	Volume = {9},
	Year = {2012}}
